@phdthesis{silva2015enhanced,
  title={Enhanced geologic modeling with data-driven training images for improved resources and recoverable reserves},
  author={Silva, DA},
  School                   = {University of Alberta},
  year={2015}
}

@InProceedings{cowan2003practical,
  Title                    = {Practical implicit geological modelling},
  Author                   = {Cowan, EJ and Beatson, RK and Ross, HJ and Fright, WR and McLennan, TJ and Evans, TR and Carr, JC and Lane, RG and Bright, DV and Gillman, AJ and others},
  Booktitle                = {Fifth International Mining Geology Conference},
  Year                     = {2003},
  Pages                    = {17--19}
}

@Article{cowan2002rapid,
  Title                    = {Rapid geological modelling},
  Author                   = {Cowan, EJ and Beatson, RK and Fright, WR and McLennan, TJ and Mitchell, TJ},
  Journal                  = {Applied Structural Geology for Mineral Exploration and Mining, International Symposium},
  Year                     = {2002}
}
@InProceedings{cowan2011wireframe,
  Title                    = {Wireframe-free geological modelling - An oxymoron or a value proposition},
  Author                   = {Cowan, EJ and Spragg, KJ and Everitt, MR},
  Booktitle                = {Eighth International Mining Geology Conference},
  Year                     = {2011},
  Organization             = {Australasian Institute of Mining and Metallurgy QueenstownMelbourne},
  Pages                    = {247--260}
}

@Article{mclennan2006implicit,
  Title                    = {Implicit boundary modeling (boundsim)},
  Author                   = {McLennan, Jason A and Deutsch, Clayton V},
  Journal                  = {CCG Annual Report},
  Year                     = {2006}
}

@PhdThesis{mclennanthesis,
  Title                    = {The decision of stationarity},
  Author                   = {McLennan, JA},
  School                   = {University of Alberta},
  Year                     = {2007},

  Owner                    = {rolo},
  Timestamp                = {2016.07.20}
}

@incollection{wilde2012kriging,
  title={Kriging and simulation in presence of stationary domains: developments in boundary modeling},
  author={Wilde, BJ and Deutsch, CV},
  booktitle={Geostatistics Oslo 2012},
  pages={289--300},
  year={2012},
  publisher={Springer}
}

@Article{mclennan2006implicit,
  Title                    = {Implicit boundary modeling (boundsim)},
  Author                   = {McLennan, JA and Deutsch, CV},
  Journal                  = {CCG Annual Report},
  Year                     = {2006}
}

@article{munroe2008full,
  title={Full calibration of $C$ and $\beta$ in the framework of vein-type deposit tonnage uncertainty},
  author={Munroe, MJ and Deutsch, CV},
  journal={Center for Computational Geostatistics Annual Report},
  volume={10},
  year={2008}
}

@article{mancel2019problem,
  title={The problem with signed distance function},
  author={Mancell, S and Deutsch, CV},
  journal={Center for Computational Geostatistics Annual Report},
  volume={21},
  year={2019}
}

@article{kaperov,
  title={A review of boundary modeling and one way of selecting the C parameter to model boundaries with uncertainty},
  author={Karpekov, TB and Deutsch, CV},
  journal={Center for Computational Geostatistics Annual Report},
  volume={18},
  year={2016}
}

@article{manchuck,
  title={Geometric modeling of irregular tabular deposits.},
  author={Manchuck, JG and Deutsch, CV},
  journal={Center for Computational Geostatistics Annual Report},
  volume={17},
  year={2015}
}

@article{martin,
  title={Implicit Modeling},
  author={Martin, R and Boisvert, J},
  journal={University of Alberta – CCG, Guidebook series },
  volume={22},
  year={2017}
}

@book{rossi2013mineral,
  title={Mineral resource estimation},
  author={Rossi, ME and Deutsch, CV},
  year={2013},
  publisher={Springer Science \& Business Media}
}

@article{srivastava2005probabilistic,
  title={Probabilistic modeling of ore lens geometry: An alternative to deterministic wireframes},
  author={Srivastava, MR},
  journal={Mathematical Geology},
  volume={37},
  number={5},
  pages={513--544},
  year={2005},
  publisher={Springer}
}

@phdthesis{alabert1987stochastic,
  title={Stochastic imaging of spatial distributions using hard and soft information},
  author={Alabert, FG},
  year={1987},
  school={Stanford University Press}
}

@article{deutsch1998cleaning,
  title={Cleaning categorical variable (lithofacies) realizations with maximum a-posteriori selection},
  author={Deutsch, Clayton V},
  journal={Computers \& Geosciences},
  volume={24},
  number={6},
  pages={551--562},
  year={1998},
  publisher={Elsevier}
}

@book{armstrong2011plurigaussian,
  title={Plurigaussian simulations in geosciences},
  author={Armstrong, Margaret and Galli, Alain and Beucher, H{\'e}l{\`e}ne and Loc'h, Gaelle and Renard, Didier and Doligez, Brigitte and Eschard, R{\'e}mi and Geffroy, Francois},
  year={2011},
  publisher={Springer Science \& Business Media}
}

@article{silva2019multivariate,
  title={Multivariate Categorical Modeling with Hierarchical Truncated Pluri-Gaussian Simulation},
  author={Silva, Diogo and Deutsch, Clayton},
  journal={Mathematical Geosciences},
  volume={51},
  number={5},
  pages={527--552},
  year={2019},
  publisher={Springer}
}

@incollection{guardiano1993multivariate,
  title={Multivariate geostatistics: beyond bivariate moments},
  author={Guardiano, Felipe B and Srivastava, R Mohan},
  booktitle={Geostatistics Troia’92},
  pages={133--144},
  year={1993},
  publisher={Springer}
}

@Article{strebelle,
  Title                    = {Conditional simulation of complex geological structures using multiple-point statistics},
  Author                   = {Sebastien Strebelle},
  Journal                  = {Mathematical Geology},
  Year                     = {2002},

  Owner                    = {rolo},
  Timestamp                = {2016.07.20}
}

@Inbook{Mariethoz2018,
author="Mariethoz, Gregoire",
editor="Daya Sagar, B.S.
and Cheng, Qiuming
and Agterberg, Frits",
title="When Should We Use Multiple-Point Geostatistics?",
bookTitle="Handbook of Mathematical Geosciences: Fifty Years of IAMG",
year="2018",
publisher="Springer International Publishing",
address="Cham",
pages="645--653",
abstract="Multiple-point geostatistics should be used when there is either too little or too much information available for other types of geostatistics.",
isbn="978-3-319-78999-6",
doi="10.1007/978-3-319-78999-6_31",
url="https://doi.org/10.1007/978-3-319-78999-6_31"
}

@book{mallet2002geomodeling,
  title={Geomodeling},
  author={Mallet, Jean-Laurent},
  year={2002},
  publisher={Oxford University Press}
}

@InProceedings{chiles2004modelling,
  Title                    = {Modelling the geometry of geological units and its uncertainty in 3D from structural data: the potential-field method},
  Author                   = {Chilès, Jean-Paul and Aug, Christophe and Guillen, Antonio and Lees, Terry},
  Booktitle                = {Proceedings of International Symposium on Orebody Modelling and Strategic Mine Planning, Perth, Australia},
  Year                     = {2004},
  Pages                    = {24},
  Volume                   = {22}
}

@inproceedings{lorensen1987marching,
  title={Marching cubes: A high resolution 3D surface construction algorithm},
  author={Lorensen, William E and Cline, Harvey E},
  booktitle={ACM siggraph computer graphics},
  volume={21},
  number={4},
  pages={163--169},
  year={1987},
  organization={ACM}
}

@article{gonccalves2017machine,
  title={A machine learning approach to the potential-field method for implicit modeling of geological structures},
  author={Gon{\c{c}}alves, {\'I}talo Gomes and Kumaira, Sissa and Guadagnin, Felipe},
  journal={Computers \& Geosciences},
  volume={103},
  pages={173--182},
  year={2017},
  publisher={Elsevier}
}

@article{yang2019assessing,
  title={Assessing and visualizing uncertainty of 3D geological surfaces using level sets with stochastic motion},
  author={Yang, Liang and Hyde, David and Grujic, Ognjen and Scheidt, Celine and Caers, Jef},
  journal={Computers \& Geosciences},
  volume={122},
  pages={54--67},
  year={2019},
  publisher={Elsevier}
}

@article{lindsay2012locating,
  title={Locating and quantifying geological uncertainty in three-dimensional models: Analysis of the Gippsland Basin, southeastern Australia},
  author={Lindsay, Mark D and Aill{\`e}res, Laurent and Jessell, Mark W and de Kemp, Eric A and Betts, Peter G},
  journal={Tectonophysics},
  volume={546},
  pages={10--27},
  year={2012},
  publisher={Elsevier}
}

@incollection{wellmann20183,
  title={3-D Structural geological models: Concepts, methods, and uncertainties},
  author={Wellmann, Florian and Caumon, Guillaume},
  booktitle={Advances in Geophysics},
  volume={59},
  pages={1--121},
  year={2018},
  publisher={Elsevier}
}

@article{manchuk2019boundary,
  title={Boundary modeling with moving least squares},
  author={Manchuk, John G and Deutsch, Clayton V},
  journal={Computers \& Geosciences},
  volume={126},
  pages={96--106},
  year={2019},
  publisher={Elsevier}
}

@article{lillah2013stochastic,
  title={Stochastic distance based geological boundary modeling with curvilinear features},
  author={Lillah, Maksuda and Boisvert, Jeff B},
  journal={Mathematical Geosciences},
  volume={45},
  number={6},
  pages={651--665},
  year={2013},
  publisher={Springer}
}

@article{mallet1992discrete,
  title={Discrete smooth interpolation in geometric modelling},
  author={Mallet, J-L},
  journal={Computer-aided design},
  volume={24},
  number={4},
  pages={178--191},
  year={1992},
  publisher={Elsevier}
}

@article{martin2017iterative,
  title={Iterative refinement of implicit boundary models for improved geological feature reproduction},
  author={Martin, Ryan and Boisvert, Jeff B},
  journal={Computers \& Geosciences},
  volume={109},
  pages={1--15},
  year={2017},
  publisher={Elsevier}
}

@book{pyrcz2014geostatistical,
  title={Geostatistical reservoir modeling},
  author={Pyrcz, Michael J and Deutsch, Clayton V},
  year={2014},
  publisher={Oxford university press}
}

@article{fouedjio2020conditional,
  title={Conditional simulation of categorical spatial variables using Gibbs sampling of a truncated multivariate normal distribution subject to linear inequality constraints},
  author={Fouedjio, Francky and Scheidt, Celine and Yang, Liang and Wang, Yizheng and Caers, Jef},
  journal={Stochastic Environmental Research and Risk Assessment},
  pages={1--24},
  year={2020},
  publisher={Springer}
}

@phdthesis{silva2018enhanced,
  title={Enhanced Geologic Modeling of Multiple Categorical Variables},
  School                   = {University of Alberta},
  author={Silva, Diogo},
  year={2018}
}

@article{deutsch2006sequential,
  title={A sequential indicator simulation program for categorical variables with point and block data: BlockSIS},
  author={Deutsch, Clayton V},
  journal={Computers \& Geosciences},
  volume={32},
  number={10},
  pages={1669--1681},
  year={2006},
  publisher={Elsevier}
}

@inproceedings{matheron1987conditional,
  title={Conditional simulation of the geometry of fluvio-deltaic reservoirs},
  author={Matheron, G and Beucher, H and De Fouquet, Ch and Galli, A and Guerillot, D and Ravenne, Ch and others},
  booktitle={Spe annual technical conference and exhibition},
  year={1987},
  organization={Society of Petroleum Engineers}
}

@article{pakyuz2018monte,
  title={Monte Carlo simulations for uncertainty estimation in 3D geological modeling, a guide for disturbance distribution selection and parameterization},
  author={Pakyuz-Charrier, Evren Jeremie and Lindsay, Mark Douglas and Ogarko, Vitaliy and Giraud, Jeremie Eugene Cyril David and Jessell, Mark Walter},
  journal={Solid Earth},
  volume={9},
  pages={385--402},
  year={2018},
  publisher={Copernicus Gesellschaft mbH}
}

@article{lajaunie1997foliation,
  title={Foliation fields and 3D cartography in geology: principles of a method based on potential interpolation},
  author={Lajaunie, Christian and Courrioux, Gabriel and Manuel, Laurent},
  journal={Mathematical Geology},
  volume={29},
  number={4},
  pages={571--584},
  year={1997},
  publisher={Springer}
}

@article{calcagno2008geological,
  title={Geological modelling from field data and geological knowledge: Part I. Modelling method coupling 3D potential-field interpolation and geological rules},
  author={Calcagno, Philippe and Chil{\`e}s, Jean-Paul and Courrioux, Gabriel and Guillen, Antonio},
  journal={Physics of the Earth and Planetary Interiors},
  volume={171},
  number={1-4},
  pages={147--157},
  year={2008},
  publisher={Elsevier}
}

@inproceedings{caumon2007elements,
  title={Elements for stochastic structural perturbation of stratigraphic models},
  author={Caumon, Guillaume and Tertois, Anne-Laure and Zhang, Ling},
  booktitle={EAGE Conference on Petroleum Geostatistics},
  pages={cp--32},
  year={2007},
  organization={European Association of Geoscientists \& Engineers}
}

@inproceedings{caumon20063d,
  title={3D Stratigraphic models: representation and stochastic modelling},
  author={Caumon, Guillaume and Mallet, Jean-Laurent},
  year={2006}
}

@article{de2019gempy,
  title={GemPy 1.0: open-source stochastic geological modeling and inversion},
  author={de la Varga, Miguel and Schaaf, Alexander and Wellmann, Florian},
  journal={Geoscientific Model Development},
  year={2019}
}

@article{boucher2009considering,
  title={Considering complex training images with search tree partitioning},
  author={Boucher, Alexandre},
  journal={Computers \& Geosciences},
  volume={35},
  number={6},
  pages={1151--1158},
  year={2009},
  publisher={Elsevier}
}

@book{goovaerts1997geostatistics,
  title={Geostatistics for natural resources evaluation},
  author={Goovaerts, Pierre},
  year={1997},
  publisher={Oxford University Press}
}

@article{shannon2001mathematical,
  title={A mathematical theory of communication},
  author={Shannon, Claude Elwood},
  journal={ACM SIGMOBILE mobile computing and communications review},
  volume={5},
  number={1},
  pages={3--55},
  year={2001},
  publisher={ACM New York, NY, USA}
}

% This file was created with JabRef 2.10b2.
% Encoding: UTF-8


@Book{armstrong1998basic,
  Title                    = {Basic linear geostatistics},
  Author                   = {Armstrong, Margaret},
  Publisher                = {Springer Science \& Business Media},
  Year                     = {1998}
}

@PhdThesis{boisvertanisotropy,
  Title                    = {Geostatistics with locally varying anisotropy},
  Author                   = {Jeffery Brian Boisvert},
  School                   = {University of Alberta},
  Year                     = {2010},

  Owner                    = {rolo},
  Timestamp                = {2016.07.20}
}

@MastersThesis{boisvert,
  Title                    = {Mineral deposit modeling with pseudo-genetically constructed training images},
  Author                   = {Jeffery Brian Boisvert},
  School                   = {University of Alberta},
  Year                     = {2007},

  Owner                    = {rolo},
  Timestamp                = {2016.07.20}
}

@InProceedings{chiles2004modelling,
  Title                    = {Modelling the geometry of geological units and its uncertainty in 3D from structural data: the potential-field method},
  Author                   = {Chilès, Jean-Paul and Aug, Christophe and Guillen, Antonio and Lees, Terry},
  Booktitle                = {Proceedings of International Symposium on Orebody Modelling and Strategic Mine Planning, Perth, Australia},
  Year                     = {2004},
  Pages                    = {24},
  Volume                   = {22}
}

@Article{cowan2002rapid,
  Title                    = {Rapid geological modelling},
  Author                   = {Cowan, EJ and Beatson, RK and Fright, WR and McLennan, TJ and Mitchell, TJ},
  Journal                  = {Applied Structural Geology for Mineral Exploration and Mining, International Symposium},
  Year                     = {2002}
}

@InProceedings{cowan2003practical,
  Title                    = {Practical implicit geological modelling},
  Author                   = {Cowan, EJ and Beatson, RK and Ross, HJ and Fright, WR and McLennan, TJ and Evans, TR and Carr, JC and Lane, RG and Bright, DV and Gillman, AJ and others},
  Booktitle                = {Fifth International Mining Geology Conference},
  Year                     = {2003},
  Pages                    = {17--19}
}

@InProceedings{cowan2011wireframe,
  Title                    = {Wireframe-free geological modelling - An oxymoron or a value proposition},
  Author                   = {Cowan, EJ and Spragg, KJ and Everitt, MR},
  Booktitle                = {Eighth International Mining Geology Conference},
  Year                     = {2011},
  Organization             = {Australasian Institute of Mining and Metallurgy QueenstownMelbourne},
  Pages                    = {247--260}
}

@Article{deutschcoal,
  Title                    = {Modeling multiple coal seams using signed distance functions and global kriging},
  Author                   = {Deutsch, Clayton V and Wilde, Brandon J},
  Journal                  = {International Journal of Coal Geology},
  Year                     = {2013},
  Number                   = {112},
  Pages                    = {87--93},

  Owner                    = {rolo},
  Timestamp                = {2016.07.20}
}

@InCollection{smegeologicdata,
  Title                    = {Geological data collection},
  Author                   = {Erickson Jr., A, J},
  Booktitle                = {SME mining engineering handbook},
  Publisher                = {Society for Mining, Metallurgy, and Exploration, Inc.},
  Year                     = {2011},
  Chapter                  = {4.1},
  Editor                   = {Peter Darling},
  Pages                    = {144--159},

  Owner                    = {rolo},
  Timestamp                = {2016.07.20}
}

@InCollection{smegeologicmodeling,
  Title                    = {Geologic interpretation, modeling, and representation},
  Author                   = {Erickson Jr., A, J},
  Booktitle                = {SME mining engineering handbook},
  Publisher                = {Society for Mining, Metallurgy, and Exploration, Inc.},
  Year                     = {2011},
  Chapter                  = {4.2},
  Editor                   = {Peter Darling},
  Pages                    = {173--185},

  Owner                    = {rolo},
  Timestamp                = {2016.07.20}
}

@Book{goovaerts1997geostatistics,
  Title                    = {Geostatistics for natural resources evaluation},
  Author                   = {Goovaerts, Pierre},
  Publisher                = {Oxford University Press on Demand},
  Year                     = {1997}
}

@Book{houlding,
  Title                    = {3D Geoscience Modeling: Computer Techniques for Geological Characterization},
  Author                   = {Houlding, W., Simon},
  Publisher                = {Springer-Verlag Berlin Heidelberg},
  Year                     = {1994},
  Edition                  = {1},

  ISBN                     = {978-3-642-79014-0,978-3-642-79012-6}
}

@Book{isaaks1989applied,
  Title                    = {Applied geostatistics},
  Author                   = {Isaaks, Edward H and Srivastava, R, Mohan},
  Publisher                = {Oxford University Press},
  Year                     = {1989},
  Number                   = {551.72 I86}
}

@Article{jones1993subsurface,
  Title                    = {Subsurface characterization with solid models},
  Author                   = {Jones, Norman L and Wright, Stephen G},
  Journal                  = {Journal of geotechnical engineering},
  Year                     = {1993},
  Number                   = {11},
  Pages                    = {1823--1839},
  Volume                   = {119},

  Publisher                = {American Society of Civil Engineers}
}

@Book{journel1978mining,
  Title                    = {Mining geostatistics},
  Author                   = {Journel, Andre G and Huijbregts, Ch J},
  Publisher                = {Academic press},
  Year                     = {1978}
}

@Article{lemon2003building,
  Title                    = {Building solid models from boreholes and user-defined cross-sections},
  Author                   = {Lemon, Alan M and Jones, Norman L},
  Journal                  = {Computers \& Geosciences},
  Year                     = {2003},
  Number                   = {5},
  Pages                    = {547--555},
  Volume                   = {29},

  Publisher                = {Elsevier}
}

@Book{malletgeomodeling,
  Title                    = {Geomodeling},
  Author                   = {Mallet, J., L.},
  Publisher                = {Oxford},
  Year                     = {2002},
  Edition                  = {1},
  Series                   = {Applied Geostatistics Series},

  ISBN                     = {0195144600,9780195144604}
}

@Book{matheron1971theory,
  Title                    = {The theory of regionalized variables and its applications},
  Author                   = {Matheron, Georges},
  Publisher                = {Ècole national supèrieure des mines},
  Year                     = {1971},
  Volume                   = {5}
}

@Book{matheron1965variables,
  Title                    = {Les variables r{\'e}gionalis{\'e}es et leur estimation: une application de la th{\'e}orie des fonctions al{\'e}atoires aux sciences de la nature},
  Author                   = {Matheron, Georges},
  Publisher                = {Masson et CIE},
  Year                     = {1965}
}

@PhdThesis{silvaenhancedgeomodeling,
  Title                    = {Enhanced geologic modeling with data-driven training images for improved resources and recoverable reserves},
  Author                   = {Daniel Maureira Andrés Silva},
  School                   = {University of Alberta},
  Year                     = {2015},

  Owner                    = {rolo},
  Timestamp                = {2016.07.20}
}

@Book{mccullaghgeneralizedlinear,
  Title                    = {Generalized linear models},
  Author                   = {McCullagh, Peter and Nelder, John A},
  Publisher                = {Chapman and Hall},
  Year                     = {1989},

  Owner                    = {rolo},
  Timestamp                = {2016.07.20}
}

@PhdThesis{mclennanstationarity,
  Title                    = {The decision of stationarity},
  Author                   = {Jason A. McLennan},
  School                   = {University of Alberta},
  Year                     = {2007},

  Owner                    = {rolo},
  Timestamp                = {2016.07.20}
}

@Article{mclennan2006boundsim,
  Title                    = {Implicit boundary modeling (boundsim)},
  Author                   = {McLennan, Jason A and Deutsch, Clayton V},
  Journal                  = {CCG Annual Report},
  Year                     = {2006}
}

@Article{neufeldglobalkriging,
  Title                    = {A global kriging program for artifact-free maps},
  Author                   = {Neufeld, Chad and Wilde, Brandon},
  Journal                  = {CCG Annual Report},
  Year                     = {2005},
  Pages                    = {403--1},
  Volume                   = {7}
}

@InCollection{smenoblemineralresourcesestimation,
  Title                    = {Mineral resources estimation},
  Author                   = {Noble, Alan, C},
  Booktitle                = {SME mining engineering handbook},
  Publisher                = {Society for Mining, Metallurgy, and Exploration, Inc.},
  Year                     = {2011},
  Chapter                  = {4.5},
  Editor                   = {Peter Darling},
  Pages                    = {203--217},

  Owner                    = {rolo},
  Timestamp                = {2016.07.20}
}

@Book{osherlevelsetmethods,
  Title                    = {Level set methods and dynamic implicit surfaces},
  Author                   = {Stanley Osher and Ronald Fedkiw},
  Publisher                = {Springer-Verlag New York, Inc.},
  Year                     = {2003},

  Owner                    = {rolo},
  Timestamp                = {2016.07.20}
}

@InProceedings{savchenko,
  Title                    = {Function representation of solids reconstructed from scattered surface points and contours},
  Author                   = {Savchenko, Vladimir V and Pasko, Alexander A and Okunev, Oleg G and Kunii, Tosiyasu L},
  Booktitle                = {Computer Graphics Forum},
  Year                     = {1995},
  Number                   = {4},
  Organization             = {Wiley Online Library},
  Pages                    = {181--188},
  Volume                   = {14}
}

@Book{sinclair2002applied,
  Title                    = {Applied mineral inventory estimation},
  Author                   = {Sinclair, Alastair J and Blackwell, Garston H},
  Publisher                = {Cambridge University Press},
  Year                     = {2002}
}

@Article{strebellesimulationscomplexgeology,
  Title                    = {Conditional simulation of complex geological structures using multiple-point statistics},
  Author                   = {Sebastien Strebelle},
  Journal                  = {Mathematical Geology},
  Year                     = {2002},

  Owner                    = {rolo},
  Timestamp                = {2016.07.20}
}

@article{hardy1971multiquadric,
  title={Multiquadric equations of topography and other irregular surfaces},
  author={Hardy, Rolland L},
  journal={Journal of geophysical research},
  volume={76},
  number={8},
  pages={1905--1915},
  year={1971},
  publisher={Wiley Online Library}
}

@incollection{journel1989imaging,
  title={Imaging of spatial uncertainty: a non-Gaussian approach},
  author={Journel, AG},
  booktitle={Geostatistical, sensitivity, and uncertainty methods for ground-water flow and radionuclide transport modeling. Proceedings},
  year={1989}
}

@article{hardy1990theory,
  title={Theory and applications of the multiquadric-biharmonic method 20 years of discovery 1968--1988},
  author={Hardy, Rolland L},
  journal={Computers \& Mathematics with Applications},
  volume={19},
  number={8-9},
  pages={163--208},
  year={1990},
  publisher={Elsevier}
}

@book{deutsch1998geostatistical,
  title={Geostatistical software library and user’s guide},
  author={Deutsch, Clayton V and Journel, AG and others},
  Publisher={Oxford University Press, New York},
  year={1998}
}

@article{journel1984conditional,
  title={Conditional indicator simulation: application to a Saskatchewan uranium deposit},
  author={Journel, AG and Isaaks, EH},
  journal={Journal of the International Association for Mathematical Geology},
  volume={16},
  number={7},
  pages={685--718},
  year={1984},
  publisher={Springer}
}

@book{journel1989fundamentals,
  title={Fundamentals of geostatistics in five lessons},
  author={Journel, Andre G},
  volume={8},
  year={1989},
  publisher={American Geophysical Union Washington, DC}
}

@phdthesis{deutsch1992annealing,
  title={Annealing techniques applied to reservoir modeling and the integration of geological and engineering (well test) data},
  author={Deutsch, Clayton Vernon},
  year={1992},
  school={stanford university}
}

@incollection{guardiano1993multivariate,
  title={Multivariate geostatistics: beyond bivariate moments},
  author={Guardiano, Felipe B and Srivastava, R Mohan},
  booktitle={Geostatistics Troia’92},
  pages={133--144},
  year={1993},
  publisher={Springer}
}

@incollection{galli1994pros,
  title={The pros and cons of the truncated Gaussian method},
  author={Galli, A and Beucher, H and Le Loc’h, G and Doligez, B and others},
  booktitle={Geostatistical simulations},
  pages={217--233},
  year={1994},
  publisher={Springer}
}

@book{mallet2002geomodeling,
  title={Geomodeling},
  author={Mallet, Jean-Laurent Laurent},
  year={2002},
  publisher={Oxford University Press, Inc.}
}

@article{calcagno2008geological,
  title={Geological modelling from field data and geological knowledge: Part I. Modelling method coupling 3D potential-field interpolation and geological rules},
  author={Calcagno, Philippe and Chil{\`e}s, Jean-Paul and Courrioux, Gabriel and Guillen, Antonio},
  journal={Physics of the Earth and Planetary Interiors},
  volume={171},
  number={1},
  pages={147--157},
  year={2008},
  publisher={Elsevier}
}

@inproceedings{renard2013modeling,
  title={Modeling the geometry of a mineral deposit domain with a Potential Field},
  author={Renard, Didier and Wagner, Laurent and Chil{\`e}s, Jean-Paul and Vann, John and Deraisme, Jacques},
  booktitle={36th APCOM},
  pages={Modeling--the},
  year={2013}
}

@book{hustrulid2013open,
  title={Open Pit Mine Planning and Design, Two Volume Set \& CD-ROM Pack},
  author={Hustrulid, William A and Kuchta, Mark and Martin, Randall K},
  year={2013},
  publisher={CRC Press}
}

@article{journel1983nonparametric,
  title={Nonparametric estimation of spatial distributions},
  author={Journel, Andre G},
  journal={Journal of the International Association for Mathematical Geology},
  volume={15},
  number={3},
  pages={445--468},
  year={1983},
  publisher={Springer}
}

@article{bridge1979simulation,
  title={A simulation model of alluvial stratigraphy},
  author={Bridge, John S and Leeder, Michael R},
  journal={Sedimentology},
  volume={26},
  number={5},
  pages={617--644},
  year={1979},
  publisher={Wiley Online Library}
}

@article{pyrcz2005stochastic,
  title={Stochastic surface-based modeling of turbidite lobes},
  author={Pyrcz, Michael J and Catuneanu, Octavian and Deutsch, Clayton V},
  journal={AAPG bulletin},
  volume={89},
  number={2},
  pages={177--191},
  year={2005},
  publisher={American Association of Petroleum Geologists}
}

@mastersthesis{rasera2014estrati,
    title     = {Geoestatística de múltiplos pontos aplicada à simulação de modelos geológicos em grids estratigráficos},
    author    = {Rasera, Luiz Gustavo},
    school    = {Universidade Federal do Rio Grande do Sul - PPGE3M},
    year      = {2014},
}

@book{bloomenthal1997introduction,
  title={Introduction to implicit surfaces},
  author={Bloomenthal, Jules and Bajaj, Chandrajit},
  year={1997},
  publisher={Morgan Kaufmann}
}

@ELECTRONIC{leapfrogpredictions,
  title = {Predictions at locations where there are no measurements},
  author = {Lane, Richard},
  year = {2013},
  organization = {Leapfrog3d},
  note = {Artigo publicado no blog leapfrog3d},
  url =
  {http://blog.leapfrog3d.com/2013/11/19/the-connection-between-radial-basis-functions-rbfs-and-kriging/},
  urlaccessdate = {23-11-2016},
  owner = {marcelo},
  timestamp = {2011.01.15}
}

@ELECTRONIC{leapfrogfastrbf,
  title = {Leapfrog's fast RBF},
  author = {Leapfrog3d},
  year = {2015},
  organization = {Leapfrog3d},
  note = {Artigo publicado no blog leapfrog3d},
  url =
  {http://blog.leapfrog3d.com/2015/07/28/leapfrogs-fast-rbf/},
  urlaccessdate = {23-11-2016},
  owner = {marcelo},
  timestamp = {2011.01.15}
}

@ELECTRONIC{leapfrogbasics,
  title = {Leapfrog interpolation basics},
  author = {Spragg, kirk},
  year = {2013},
  organization = {Leapfrog3d},
  note = {Artigo publicado no blog leapfrog3d},
  url =
  {http://blog.leapfrog3d.com/2013/05/08/leapfrog-interpolation-basics/},
  urlaccessdate = {23-11-2016},
  owner = {marcelo},
  timestamp = {2011.01.15}
}

@ELECTRONIC{leapfroganisglobal,
  title = {Interpolation and anisotropy},
  author = {Spragg, kirk},
  year = {2013},
  organization = {Leapfrog3d},
  note = {Artigo publicado no blog leapfrog3d},
  url =
  {http://blog.leapfrog3d.com/2013/10/18/interpolation-and-anisotropy/},
  urlaccessdate = {23-11-2016},
  owner = {marcelo},
  timestamp = {2011.01.15}
}

@ELECTRONIC{leapfroginterpolant,
  title = {Interpolant function in leapfrog geo},
  author = {McLennan, Tim},
  year = {2013},
  organization = {Leapfrog3d},
  note = {Artigo publicado no blog leapfrog3d},
  url =
  {http://blog.leapfrog3d.com/2013/07/26/interpolant-functions-in-leapfrog-geo/},
  urlaccessdate = {23-11-2016},
  owner = {marcelo},
  timestamp = {2011.01.15}
}

@ELECTRONIC{leapfrogstructural,
  title = {Leapfrog's structural trend},
  author = {Joynt, Peter},
  year = {2014},
  organization = {Leapfrog3d},
  note = {Artigo publicado no blog leapfrog3d},
  url =
  {http://blog.leapfrog3d.com/2014/06/04/leapfrogs-structural-trend/},
  urlaccessdate = {23-11-2016},
  owner = {marcelo},
  timestamp = {2011.01.15}
}

@article{galli1984dual,
  title={Dual kriging-its properties and its uses in direct contouring},
  author={Galli, A and Murillo, E and Thomann, J},
  journal={Geostatistics for Natural Resources Characterization, Part 2},
  pages={621--634},
  year={1984}
}

@inproceedings{lorensen1987marching,
  title={Marching cubes: A high resolution 3D surface construction algorithm},
  author={Lorensen, William E and Cline, Harvey E},
  booktitle={ACM siggraph computer graphics},
  volume={21},
  number={4},
  pages={163--169},
  year={1987},
  organization={ACM}
}

@InProceedings{silvaanddeutschccgcorrecting,
  Title                    = {Correcting distance function models to correct proportions},
  Author                   = {Silva, DA and Deutsch, CV},
  Booktitle                = {CCG Annual Report},
  Year                     = {2013},
}

@InProceedings{silvaanddeutschccgmodeling,
  Title                    = {Modeling multiple rock types with distance functions: methodology and software},
  Author                   = {Silva, DA and Deutsch, CV},
  Booktitle                = {CCG Annual Report},
  Year                     = {2012},
}

@InProceedings{wildedeutschcalibrate,
  Title                    = {A new way to calibrate distance function uncertainty},
  Author                   = {Wilde, BJ and Deutsch, CV},
  Booktitle                = {CCG Annual Report},
  Year                     = {2011},
}

@ELECTRONIC{silvageostatlessons,
  title = {Signed distance function modeling with multiple categories},
  author = {Silva, DA},
  year = {2015},
  organization = {CCG - Alberta},
  note = {Artigo publicado no site geostatisticslessons.com},
  url = {http://www.geostatisticslessons.com/lessons/signeddistancefunctions},
  urlaccessdate = {28-12-2016},
  owner = {marcelo},
  timestamp = {2011.01.15}
}

@inproceedings{munroe2012methodology,
  title={A Methodology for Calculating Tonnage Uncertainty in Vein-Type Deposits},
  author={Munroe, Michael J},
  booktitle={Masters Abstracts International},
  volume={51},
  number={03},
  year={2012}
}

@article{strebelle2000sequential,
  title={Sequential simulation drawing structures from training images},
  author={Str{\'e}belle, S{\'e}bastien and Journel, AG},
  year={2000},
  publisher={Stanford University California}
}

@book{rossi2013mineral,
  title={Mineral resource estimation},
  author={Rossi, Mario E and Deutsch, Clayton V},
  year={2013},
  publisher={Springer Science \& Business Media}
}

@article{matheron1962traite,
  title={Trait{\'e} de g{\'e}ostatistique appliqu{\'e}e, tome i: M{\'e}moires du bureau de recherches g{\'e}ologiques et mini{\`e}res},
  author={Matheron, Georges},
  journal={Editions Technip, Paris},
  volume={14},
  year={1962}
}

@inproceedings{amorim20143d,
  title={3D geological modeling using sketches and annotations from geologic maps},
  author={Amorim, Ronan and Brazil, Emilio Vital and Samavati, Faramarz and Sousa, Mario Costa},
  booktitle={Proceedings of the 4th Joint Symposium on Computational Aesthetics, Non-Photorealistic Animation and Rendering, and Sketch-Based Interfaces and Modeling},
  pages={17--25},
  year={2014},
  organization={ACM}
}

@ELECTRONIC{oxfordonlinedictionary,
  title = {Oxfrod online dictionary},
  author = {Oxford, University},
  year = {2018},
  organization = {Oxford University},
  note = {Definição},
  url = {http://www.oed.com},
  urlaccessdate = {15-06-2018},
  owner = {rolo},
  timestamp = {2011.01.15}
}

@inproceedings{caceres2011stochastic,
  title={Stochastic geological modeling using implicit boundary simulation},
  author={C{\'a}ceres, Alejandro and Emery, Xavier and Aedo, Luis and G{\'a}lvez, Osvaldo},
  booktitle={Proceedings of the 2nd International Seminar on Geology for the Mining Industry GEOMIN},
  pages={21},
  year={2011}
}

@inproceedings{journel1982indicator,
  title={The indicator approach to estimation of spatial distributions},
  author={Journel, AG},
  booktitle={Proceedings of the 17th APCOM International Symposium, New York},
  pages={793--806},
  year={1982}
}

@phdthesis{alabert1987stochastic,
  title={Stochastic imaging of spatial distributions using hard and soft information},
  author={Alabert, Francois Georges},
  year={1987},
  school={Stanford University Press}
}

@book{armstrong2011plurigaussian,
  title={Plurigaussian simulations in geosciences},
  author={Armstrong, Margaret and Galli, Alain and Beucher, H{\'e}l{\`e}ne and Loc'h, Gaelle and Renard, Didier and Doligez, Brigitte and Eschard, R{\'e}mi and Geffroy, Francois},
  year={2011},
  publisher={Springer Science \& Business Media}
}

@inproceedings{matheron1987conditional,
  title={Conditional simulation of the geometry of fluvio-deltaic reservoirs},
  author={Matheron, Georges and Beucher, H{\'e}l{\`e}ne and De Fouquet, Chantal and Galli, A and Guerillot, D and Ravenne, Ch and others},
  booktitle={SPE Annual Technical Conference and Exhibition},
  year={1987},
  organization={Society of Petroleum Engineers}
}

@article{chiles1984simulation,
  title={Simulation of a nickel deposit: problems encountered and practical solutions},
  author={Chiles, JP},
  journal={Geostatistics for natural resources characterisation},
  pages={1015--1030},
  year={1984}
}

@incollection{galli1994pros,
  title={The pros and cons of the truncated Gaussian method},
  author={Galli, A and Beucher, H and Le Loc’h, G and Doligez, B and others},
  booktitle={Geostatistical simulations},
  pages={217--233},
  year={1994},
  publisher={Springer}
}

@mastersthesis{paulo2015mps,
    title     = {Modelagem faciológica de reservatórios petrolíferos de morfologia intricada com geoestatística multiponto},
    author    = {Carvalho, Paulo Roberto Moura},
    school    = {Universidade Federal do Rio Grande do Sul - PPGE3M},
    year      = {2015},
}

@book{pyrcz2014geostatistical,
  title={Geostatistical reservoir modeling},
  author={Pyrcz, Michael J and Deutsch, Clayton V},
  year={2014},
  publisher={Oxford university press}
}

@inproceedings{alabert1992stochastic,
  title={Stochastic models of reservoir heterogeneity: Impact on connectivity and average permeabilities},
  author={Alabert, FG and Modot, Vincent and others},
  booktitle={SPE Annual Technical Conference and Exhibition},
  year={1992},
  organization={Society of Petroleum Engineers}
}

@article{bratvold1995storm,
  title={Storm: Integrated 3D stochastic reservoir modeling tool for geologists and reservoir engineers},
  author={Bratvold, Rune B and Holden, Lars and Svanes, Tarald and Tyler, Kelly and others},
  journal={SPE Computer Applications},
  volume={7},
  number={03},
  pages={58--67},
  year={1995},
  publisher={Society of Petroleum Engineers}
}

@article{holden1998modeling,
  title={Modeling of fluvial reservoirs with object models},
  author={Holden, Lars and Hauge, Ragnar and Skare, {\O}ivind and Skorstad, Arne},
  journal={Mathematical Geology},
  volume={30},
  number={5},
  pages={473--496},
  year={1998},
  publisher={Springer}
}

@inproceedings{carr2001reconstruction,
  title={Reconstruction and representation of 3D objects with radial basis functions},
  author={Carr, Jonathan C and Beatson, Richard K and Cherrie, Jon B and Mitchell, Tim J and Fright, W Richard and McCallum, Bruce C and Evans, Tim R},
  booktitle={Proceedings of the 28th annual conference on Computer graphics and interactive techniques},
  pages={67--76},
  year={2001},
  organization={ACM}
}

@article{martin2017implicitmodeling,
  title={Implicit modeling},
  author={Martin, R and Boisvert, J},
  journal={CCG Guidebook Series},
  volume={22},
  year={2017}
}

@ELECTRONIC{aillerespresentation,
  title = {Uncertainty in 3D models and implicit modeling of poly-deformaed terranes},
  author = {Ailleres, L and Groose, L and Carmichel, T.C and Jessel, M.W and Lindsay, M and Laurent, G; Armit, R and Kolin, V},
  year = {2015},
  organization = {Monash University},
  note = {Presentation},
  url = {http://www.tectonique.net/tectask/3DIGi/presentations/T1.2_ailleres_Goodbye2DEarthPresentation.pdf},
  urlaccessdate = {23-07-2018},
  owner = {rolo},
  timestamp = {2018.07.23}
}

@article{mallet2004space,
  title={Space--time mathematical framework for sedimentary geology},
  author={Mallet, Jean-Laurent},
  journal={Mathematical geology},
  volume={36},
  number={1},
  pages={1--32},
  year={2004},
  publisher={Springer}
}

@article{lajaunie1997foliation,
  title={Foliation fields and 3D cartography in geology: principles of a method based on potential interpolation},
  author={Lajaunie, Christian and Courrioux, Gabriel and Manuel, Laurent},
  journal={Mathematical Geology},
  volume={29},
  number={4},
  pages={571--584},
  year={1997},
  publisher={Springer}
}

@ELECTRONIC{poisson_recon,
  title = {Poisson Surface Reconstruction},
  author = {CGAL},
  year = {2015},
  organization = {The Computational Geometry Algorithms Library},
  note = {Manual do usuário},
  url = {https://doc.cgal.org/latest/Poisson_surface_reconstruction_3/index.html},
  urlaccessdate = {25-07-2018},
  owner = {rolo},
  timestamp = {2018.07.23}
}

@incollection{box1979robustness,
  title={Robustness in the strategy of scientific model building},
  author={Box, George EP},
  booktitle={Robustness in statistics},
  pages={201--236},
  year={1979},
  publisher={Elsevier}
}

@Article{manchuck_deutsch_Geometric,
  Title                    = {Geometric Modeling of Irregular Tabular Deposits},
  Author                   = {Manchuck, John A and Deutsch, Clayton V},
  Journal                  = {CCG Annual Report},
  Year                     = {2015}
}

@inproceedings{kloechner_cov_table,
  title={Modelagem geológica implícita automática via tabela de covariância com funções distância assinaladas},
  author={Kloeckner, J and Rolo, RM and Abbud, VT and Costa, JF},
  booktitle={Anais do IX Congresso Brasileiro de Mineração, Belo Horizonte},
  pages={xx-xx},
  year={2018}
}

@Article{hosseini_deutsch_iqd,
  Title                    = {A distance function based algorithm to quantify uncertainty in areal limits},
  Author                   = {Hosseini, AH and Deutsch, Clayton V},
  Journal                  = {CCG Annual Report},
  Year                     = {2007}
}

@Article{boisvert_geomodeling,
  Title                    = {Automatic geological modeling with iterative refinement},
  Author                   = {Boisvert, JB},
  Journal                  = {CCG Annual Report},
  Year                     = {2013}
}

@Article{manchuck_MLS,
  Title                    = {MLS for boundary interpretations with uncertainty},
  Author                   = {Manchuck, JG and Deutsch, CV},
  Journal                  = {CCG Annual Report},
  Year                     = {2018}
}

@MastersThesis{rolo_dissertacao,
  Title                    = {Modelagem geológica implícita com funções distância assinaladas},
  Author                   = {Rolo, RM},
  School                   = {Universidade Federal do Rio Grande do Sul},
  Year                     = {2017},

  Owner                    = {rolo},
  Timestamp                = {2017.01.14}
}

@Article{martin_boisvert_review_rbf,
  Title                    = {Review of radial basis functions and domain decomposition for implicit geological modelling},
  Author                   = {Martin, R and Boisvert, JB},
  Journal                  = {CCG Annual Report},
  Year                     = {2015}
}

@article{beatson1999fast,
  title={Fast fitting of radial basis functions: Methods based on preconditioned GMRES iteration},
  author={Beatson, Richard K and Cherrie, Jon B and Mouat, Cameron T},
  journal={Advances in Computational Mathematics},
  volume={11},
  number={2-3},
  pages={253--270},
  year={1999},
  publisher={Springer}
}

@book{wendland2004scattered,
  title={Scattered data approximation},
  author={Wendland, Holger},
  volume={17},
  year={2004},
  publisher={Cambridge university press}
}

@article{lillah2015inference,
  title={Inference of locally varying anisotropy fields from diverse data sources},
  author={Lillah, Maksuda and Boisvert, Jeff B},
  journal={Computers \& Geosciences},
  volume={82},
  pages={170--182},
  year={2015},
  publisher={Elsevier}
}

@book{fasshauer2007meshfree,
  title={Meshfree approximation methods with MATLAB},
  author={Fasshauer, Gregory E},
  volume={6},
  year={2007},
  publisher={World Scientific}
}

@Article{silva_dual,
  Title                    = {Speeding up the signed distance implicit geologic modeling method for multiple rock types},
  Author                   = {Silva, D and Deutsch, CV},
  Journal                  = {CCG Annual Report},
  Year                     = {2015}
}

@Article{deutsh_spatial_bootstrap,
  Title                    = {A statistical resampling program for correlated data},
  Author                   = {Deutsch, CV},
  Journal                  = {CCG Annual Report},
  Year                     = {2004}
}

@Article{wilde_sim_bound_reals,
  Title                    = {Simulating boundary realizations},
  Author                   = {Wilde, BJ and Deutsch, CV},
  Journal                  = {CCG Annual Report},
  Year                     = {2011}
}

@MastersThesis{radtke_dissertacao,
  Title                    = {Modelagem geológica implícita através de simulações de funções distância assinaladas},
  Author                   = {Radtke, RS},
  School                   = {Universidade Federal do Rio Grande do Sul},
  Year                     = {2017},

  Owner                    = {rolo},
  Timestamp                = {2017.10.11}
}

@Article{munroe_c_full_calibration,
  Title                    = {Full calibration of C and in the framework of vein-type deposit tonnage uncertainty},
  Author                   = {Munroe, MJ and Deutsch, CV},
  Journal                  = {CCG Annual Report},
  Year                     = {2008}
}

@Article{kaperov_review_boundary,
  Title                    = {A review of boundary modeling and one way of selecting the C parameter to model boundaries with uncertainty},
  Author                   = {Munroe, MJ and Deutsch, CV},
  Journal                  = {CCG Annual Report},
  Year                     = {2016}
}

@Article{wilde_new_way,
  Title                    = {A new way to calibrate to calibrate distance functions uncertainty},
  Author                   = {Munroe, MJ and Deutsch, CV},
  Journal                  = {CCG Annual Report},
  Year                     = {2011}
}

@incollection{wilde2012kriging,
  title={Kriging and simulation in presence of stationary domains: developments in boundary modeling},
  author={Wilde, Brandon J and Deutsch, Clayton V},
  booktitle={Geostatistics Oslo 2012},
  pages={289--300},
  year={2012},
  publisher={Springer}
}

@incollection{amarante_incerteza_associada,
  title={Incerteza associada ao modelamento imlícito e hierárquico},
  author={Amarante, FAN and Rolo, RM and Costa, JF},
  booktitle={CBMINA 2019},
  pages={xx--xx},
  year={2018},
  publisher={CBMINA}
}

@Article{samson_estimation_ml,
  Title                    = {Estimation with machine learning},
  Author                   = {Samson, M and Deutsch, CV},
  Journal                  = {CCG Annual Report},
  Year                     = {2018}
}

@ELECTRONIC{tensor_flow,
  title = {O QUE É O TENSORFLOW MACHINE INTELLIGENCE PLATFORM?},
  author = {Data Science Academy},
  year = {2018},
  organization = {Data Science Academy},
  note = {website},
  url = {http://datascienceacademy.com.br/blog/o-que-e-o-tensorflow-machine-intelligence-platform/},
  urlaccessdate = {15-03-2019},
  owner = {rolo},
  timestamp = {2018.07.23}
}

@Article{samson_intro_ml,
  Title                    = {A brief introduction into machine learning},
  Author                   = {Samson, M and Deutsch, CV},
  Journal                  = {CCG Annual Report},
  Year                     = {2018}
}

@misc{ wiki:sigmoid,
  author = {{Estimation lemma}},
  title = "Estimation lemma --- {W}ikipedia{,} The Free Encyclopedia",
  year = "2010",
  url = "https://pt.wikipedia.org/wiki/Fun%C3%A7%C3%A3o_sigm%C3%B3ide",
  note = "[Online; acesso 22-março-2019]"
}

@article{yuan2012object,
  title={Object-space multiphase implicit functions},
  author={Yuan, Zhan and Yu, Yizhou and Wang, Wenping},
  journal={ACM Transactions on Graphics (TOG)},
  volume={31},
  number={4},
  pages={114},
  year={2012},
  publisher={ACM}
}

@article{cressie1985fitting,
  title={Fitting variogram models by weighted least squares},
  author={Cressie, Noel},
  journal={Journal of the International Association for Mathematical Geology},
  volume={17},
  number={5},
  pages={563--586},
  year={1985},
  publisher={Springer}
}

@article{genton1998variogram,
  title={Variogram fitting by generalized least squares using an explicit formula for the covariance structure},
  author={Genton, Marc G},
  journal={Mathematical Geology},
  volume={30},
  number={4},
  pages={323--345},
  year={1998},
  publisher={Springer}
}

@article{sclocco2004weighted,
  title={A weighted polynomial regression method for local fitting of spatial data},
  author={Sclocco, Tonino and Di Marzio, Marco},
  journal={Statistical Methods and Applications},
  volume={13},
  number={3},
  pages={315--325},
  year={2004},
  publisher={Springer}
}

@inproceedings{matheron1987conditional,
  title={Conditional simulation of the geometry of fluvio-deltaic reservoirs},
  author={Matheron, G and Beucher, H and De Fouquet, Ch and Galli, A and Guerillot, D and Ravenne, Ch and others},
  booktitle={Spe annual technical conference and exhibition},
  year={1987},
  organization={Society of Petroleum Engineers}
}

@book{journel2004evaluation,
  title={Evaluation of mineral reserves: a simulation approach},
  author={Journel, Andr{\'e} G and Kyriakidis, Phaedon C},
  year={2004},
  publisher={Oxford University Press}
}

@article{shannon1948mathematical,
  title={A mathematical theory of communication},
  author={Shannon, Claude Elwood},
  journal={Bell system technical journal},
  volume={27},
  number={3},
  pages={379--423},
  year={1948},
  publisher={Wiley Online Library}
}

@Article{hier_plurigauss,
  Title                    = {Hierarchical Approach to Truncated PluriGaussian Simulation},
  Author                   = {Silva, D and Deutsch, CV},
  Journal                  = {CCG Annual Report},
  Year                     = {2016}
}

@article{deutsch2014multidimensional,
  title={A multidimensional scaling approach to enforce reproduction of transition probabilities in truncated plurigaussian simulation},
  author={Deutsch, Jared L and Deutsch, Clayton V},
  journal={Stochastic environmental research and risk assessment},
  volume={28},
  number={3},
  pages={707--716},
  year={2014},
  publisher={Springer}
}

@article{mariethoz2009truncated,
  title={Truncated plurigaussian simulations to characterize aquifer heterogeneity},
  author={Mariethoz, Gr{\'e}goire and Renard, Philippe and Cornaton, Fabien and Jaquet, Olivier},
  journal={Groundwater},
  volume={47},
  number={1},
  pages={13--24},
  year={2009},
  publisher={Wiley Online Library}
}

@Article{advances_in_spt,
  Title                    = {Advances in truncated plurigaussian simulation for reproduction of transotion probabilities},
  Author                   = {Deutsch, JL and Deutsch, CV},
  Journal                  = {CCG Annual Report},
  Year                     = {2013}
}

@inproceedings{allard2012non,
  title={Non-parametric diagrams for plurigaussian simulations of lithologies},
  author={Allard, D and D’Or, D and Biver, P and Froidevaux, R},
  booktitle={9th international geostatistical congress, Oslo, Norway},
  volume={1115},
  year={2012}
}

@Article{sadeghi_optimizing,
  Title                    = {Optimizing tresholds in truncated plori-gaussian simulation},
  Author                   = {Sadeghi, S and Boisvert, J},
  Journal                  = {CCG Annual Report},
  Year                     = {2012}
}

@article{astrakova2015truncation,
  title={Truncation map estimation based on bivariate probabilities and validation for the truncated plurigaussian model},
  author={Astrakova, Alina and Oliver, Dean S and Lantu{\'e}joul, Christian},
  journal={arXiv preprint arXiv:1508.01090},
  year={2015}
}

@article{madani2015simulation,
  title={Simulation of geo-domains accounting for chronology and contact relationships: application to the R{\'\i}o Blanco copper deposit},
  author={Madani, Nasser and Emery, Xavier},
  journal={Stochastic environmental research and risk assessment},
  volume={29},
  number={8},
  pages={2173--2191},
  year={2015},
  publisher={Springer}
}

@Article{sadeghi_review,
  Title                    = {Review of truncated plurigaussian simulation (case study)},
  Author                   = {Sadeghi, S and Boisvert, J},
  Journal                  = {CCG Annual Report},
  Year                     = {2016}
}

@incollection{froidevaux1993probability,
	title={Probability field simulation},
	author={Froidevaux, Roland},
	booktitle={Geostatistics tr{\'o}ia’92},
	pages={73--83},
	year={1993},
	publisher={Springer}
}

@article{amarante2021boundary,
  title={Boundary simulation--a hierarchical approach for multiple categories},
  author={Amarante, Flavio Azevedo Neves and Rolo, Roberto Mentzingen and Coimbra Leite Costa, Jo{\~a}o Felipe},
  journal={Applied Earth Science},
  pages={1--17},
  year={2021},
  publisher={Taylor \& Francis}
}

@inproceedings{royer1984dual,
  title={Dual formalism of kriging},
  author={Royer, JJ and Vieira, PC},
  booktitle={Geostatistics for natural resources characterization. NATO advanced Study Institute},
  pages={691--702},
  year={1984}
}

@Article{silva2015speeding,
  Title                    = {Speeding Up the Signed Distance Implicit Geologic Modeling Method for
MulƟple Rock Types},
  Author                   = {Silva, Daniel M and Deutsch, Clayton V},
  Journal                  = {CCG Annual Report},
  Year                     = {2015}
}

@article{smirnoff2008support,
  title={Support vector machine for 3D modelling from sparse geological information of various origins},
  author={Smirnoff, Alex and Boisvert, Eric and Paradis, Serge J},
  journal={Computers \& Geosciences},
  volume={34},
  number={2},
  pages={127--143},
  year={2008},
  publisher={Elsevier}
}

@article{amarante2021boundary,
  title={Boundary simulation--a hierarchical approach for multiple categories},
  author={Amarante, Flavio Azevedo Neves and Rolo, Roberto Mentzingen and Coimbra Leite Costa, Jo{\~a}o Felipe},
  journal={Applied Earth Science},
  pages={1--17},
  year={2021},
  publisher={Taylor \& Francis}
}

@article{amarante2019assessing,
  title={Assessing geologic model uncertainty-a case study comparing methods},
  author={Amarante, Flavio Azevedo Neves and Rolo, Roberto Mentzingen and Costa, Jo{\~a}o Felipe Coimbra Leite},
  journal={REM-International Engineering Journal},
  volume={72},
  number={4},
  pages={643--653},
  year={2019},
  publisher={SciELO Brasil}
}

@article{rolo2017signed,
  title={Signed distance function implicit geologic modeling},
  author={Rolo, Roberto Mentzingen and Radtke, Ricardo and Costa, Jo{\~a}o Felipe Coimbra Leite},
  journal={REM-International Engineering Journal},
  volume={70},
  number={2},
  pages={221--229},
  year={2017},
  publisher={SciELO Brasil}
}

@article{martin2017iterative,
  title={Iterative refinement of implicit boundary models for improved geological feature reproduction},
  author={Martin, Ryan and Boisvert, Jeff B},
  journal={Computers \& Geosciences},
  volume={109},
  pages={1--15},
  year={2017},
  publisher={Elsevier}
}

@book{remy2009applied,
  title={Applied geostatistics with SGeMS: A user's guide},
  author={Remy, Nicolas and Boucher, Alexandre and Wu, Jianbing},
  year={2009},
  publisher={Cambridge University Press}
}

@article{deutsch1992geostatistical,
  title={Geostatistical software library and user’s guide},
  author={Deutsch, Clayton V and Journel, Andre G},
  journal={New York},
  volume={119},
  number={147},
  year={1992}
}

@article{DEUTSCH1998551,
title = {Cleaning categorical variable (lithofacies) realizations with maximum a-posteriori selection},
journal = {Computers \& Geosciences},
volume = {24},
number = {6},
pages = {551-562},
year = {1998},
issn = {0098-3004},
author = {Clayton V. Deutsch},
}

@article{aunon2000dual,
  title={Dual kriging with local neighborhoods: Application to the representation of surfaces},
  author={Au{\~n}{\'o}n, Juan and G{\'o}mez-Hern{\'a}ndez, J Jaime},
  journal={Mathematical Geology},
  volume={32},
  number={1},
  pages={69--85},
  year={2000},
  publisher={Springer}
}

@article{yamamoto2015post,
  title={Post-processing of sequential indicator simulation realizations for modeling geologic bodies},
  author={Yamamoto, Jorge Kazuo and Landim, Paulo Milton Barbosa and Kikuda, Antonio Tadashi and Leite, Claudio Benedito Baptista and Lopez, Santiago Diaz},
  journal={Computational Geosciences},
  volume={19},
  number={1},
  pages={257--266},
  year={2015},
  publisher={Springer}
}
